
@book{de_antonio_motores_2015,
	title = {{MOTORES} {DE} {COMBUSTION} {INTERNA}},
	isbn = {978-84-362-7086-0},
	language = {es},
	publisher = {Universidad Nacional de Educación a Distancia},
	author = {de Antonio, Antonio Rovira and Domínguez, Marta Muñoz},
	year = {2015},
	file = {PDF:/home/jordivilla/Baixades/articles/de Antonio i Domínguez - MOTORES DE.pdf:application/pdf},
}
