
@book{mahan_quimica_1977,
	title = {{QUIMICA} {Curso} {Universitario}},
	abstract = {Encuadernación: Tapa Blanda},
	language = {Español},
	author = {Mahan, Bruce H.},
	year = {1977},
}

@book{ros_fisica_2011,
	title = {Física y química: investigación, innovación y buenas prácticas},
	isbn = {978-84-9980-081-3},
	shorttitle = {Física y química},
	url = {https://dialnet.unirioja.es/servlet/libro?codigo=460553},
	abstract = {Pretende dar a conocer los aspectos más prácticos de la formación del profesorado de Física y Química a través de una serie de capítulos que abordan desde el conocimiento didáctico del contenido, hasta las orientaciones para el desarrollo del prácticum, tanto en la fase de observación como en la de elaboración, experimentación y evaluación de una secuencia de enseñanza-aprendizaje. Para ello se presentan: ejemplos de secuencias didácticas y proyectos curriculares de Física y Química especialmente innovadores; una amplia propuesta de trabajos prácticos en forma de experiencias o de pequeñas investigaciones, realizados con material usual en los laboratorios y con equipos de sensores y de captación de datos; un análisis de los diferentes tipos de simulaciones informáticos que pueden utilizarse; las normas para el uso correcto de la terminología físico-química; y orientaciones para la tutorización de los trabajos de investigación en 4.º de educación secundaria obligatoria y en bachillerato. Temas centrales: Formación del profesorado de ciencias y buenas prácticas: el lugar de la innovación y la investigación didáctica. Unidades didácticas y proyectos de calidad en la enseñanza de la Física. Unidades didácticas y proyectos de calidad en la enseñanza de la Química. Experimentos e investigaciones en Física. El uso de sensores y equipos de captación de datos en los trabajos prácticos. Simulaciones: herramientas para la enseñanza y el aprendizaje. La enseñanza y el aprendizaje de la terminología físico-química: magnitudes y símbolos. El trabajo de investigación en el bachillerato y el proyecto de investigación en 4º de ESO. El prácticum en el aula de ciencias (Física y Química): orientaciones para el diseño, la experimentación y la evaluación de actividades. Fuentes y recursos},
	language = {spa},
	urldate = {2023-08-09},
	publisher = {Secretaría General Técnica},
	author = {Ros, Aureli Caamaño},
	year = {2011},
	file = {Snapshot:/home/jordivilla/Zotero/storage/79JM26GI/libro.html:text/html},
}

@book{fernandez-nieves_fluids_2016,
	address = {Hoboken, New Jersey},
	edition = {1st edition},
	title = {Fluids, {Colloids} and {Soft} {Materials}: {An} {Introduction} to {Soft} {Matter} {Physics}},
	isbn = {978-1-118-06562-4},
	shorttitle = {Fluids, {Colloids} and {Soft} {Materials}},
	abstract = {This book presents a compilation of self-contained chapters covering a wide range of topics within the broad field of soft condensed matter. Each chapter starts with basic definitions to bring the reader up-to-date on the topic at hand, describing how to use fluid flows to generate soft materials of high value either for applications or for basic research. Coverage includes topics related to colloidal suspensions and soft materials and how they differ in behavior, along with a roadmap for researchers on how to use soft materials to study relevant physics questions related to geometrical frustration.},
	language = {English},
	publisher = {Wiley},
	editor = {Fernandez-Nieves, Alberto and Puertas, Antonio Manuel},
	month = may,
	year = {2016},
}

@article{de_vries_phase_1954,
	title = {A phase diagram for the system {Ti}-{TiO}\_2... - {Google} {Acadèmic}},
	volume = {33},
	url = {https://scholar.google.com/scholar_lookup?title=A+phase+diagram+for+the+system+Ti-TiO2+constructed+from+data+in+the+literature&author=De+Vries+R.C.+Roy+R.&journal=Ceram.+Bull.&volume=33&pages=370-372&publication_year=1954},
	urldate = {2023-08-09},
	journal = {Amer. Ceramic Soc. Bull.},
	author = {De Vries and Roy},
	year = {1954},
	pages = {370},
	file = {De Vries\: A phase diagram for the system Ti-TiO_2... - Google Acadèmic:/home/jordivilla/Zotero/storage/KLEIGMJN/scholar_lookup.html:text/html},
}

@book{openstax_cnx_openstax_nodate,
	title = {{OpenStax} {College}, {Physics}.},
	url = {http://cnx.org/contents/031da8d3-b525-429c-80cf-6c8ed997733a@11.1.},
	author = {OpenStax CNX},
}

@book{dickerson_principios_1993,
	title = {Principios de química},
	isbn = {978-84-291-7175-4},
	abstract = {Esta tercera edición de Principios de Química, se ha proyectado para ser utilizada en un curso universitario de Química general, que debe servir tanto como una visión de la Química para los especialistas, como de una buena base para los estudios posteriores de las disciplinas de Química. Por consiguiente, hay varios capítulos que pretenden introducir las diferentes áreas de la Química, incluida la inorgánica, nuclear, orgánica y Bioquímica, y se intenta, a lo largo de todo el libro, colocar a la Química en su marco histórico y cultural. Al mismo tiempo, se presentan los aspectos cuantitativos de la Química de forma consecuente con su importancia, de manera que resulte fácil apoyarse en ellos en los cursos posteriores.},
	language = {Español},
	author = {Dickerson, Richard E. and Gray, Harry B. and Darensbourg, M. Y. and Darensbourg, D. J.},
	translator = {Rubio, Vicente Iranzo},
	year = {1993},
}

@article{dyson_energy_1971,
	title = {Energy in the {Universe}},
	volume = {225},
	issn = {0036-8733},
	url = {https://www.scientificamerican.com/article/energy-in-the-universe},
	doi = {10.1038/scientificamerican0971-50},
	abstract = {Energy flows in the universe are described and the genesis of the various kinds of energy is discussed. The process by which energy is channeled in the cosmos are discussed with implications for the earth highlighted.},
	number = {3},
	urldate = {2023-08-09},
	journal = {Sci Am},
	author = {Dyson, Freeman J.},
	month = sep,
	year = {1971},
	pages = {50--59},
}

@article{thoms_periodic_1995,
	title = {Periodic {Trends} for the {Entropy} of {Elements}},
	volume = {72},
	issn = {0021-9584},
	url = {https://doi.org/10.1021/ed072p16},
	doi = {10.1021/ed072p16},
	abstract = {Graphical representation and explanation for periodic trends in the entropy of elements.},
	number = {1},
	urldate = {2023-08-09},
	journal = {J. Chem. Educ.},
	author = {Thoms, Travis},
	month = jan,
	year = {1995},
	note = {Publisher: American Chemical Society},
	pages = {16},
	file = {ACS Full Text Snapshot:/home/jordivilla/Zotero/storage/RVLBFXUR/ed072p16.html:text/html},
}

@article{liu_understanding_2016,
	title = {Understanding electrochemical potentials of cathode materials in rechargeable batteries},
	volume = {19},
	issn = {13697021},
	url = {https://linkinghub.elsevier.com/retrieve/pii/S1369702115003181},
	doi = {10.1016/j.mattod.2015.10.009},
	language = {en},
	number = {2},
	urldate = {2023-08-09},
	journal = {Materials Today},
	author = {Liu, Chaofeng and Neale, Zachary G. and Cao, Guozhong},
	month = mar,
	year = {2016},
	pages = {109--123},
	file = {Liu et al. - 2016 - Understanding electrochemical potentials of cathod.pdf:/home/jordivilla/Zotero/storage/Z5PDE85H/Liu et al. - 2016 - Understanding electrochemical potentials of cathod.pdf:application/pdf},
}

@book{caamano_ros_quimica_1991,
	title = {Química, {COU}},
	isbn = {978-84-307-3338-5},
	url = {https://dialnet.unirioja.es/servlet/libro?codigo=53646},
	language = {spa},
	urldate = {2023-08-09},
	publisher = {Teide},
	author = {Caamaño Ros, Aureli and Servent Tarragona, Armand and Obach Muntada, Damià},
	year = {1991},
	file = {Snapshot:/home/jordivilla/Zotero/storage/436RVUD8/libro.html:text/html},
}

@book{yen_chemistry_2008,
	title = {Chemistry {For} {Engineers}},
	isbn = {978-1-911298-41-0},
	abstract = {Engineering requires applied science, and chemistry is the center of all science. The more chemistry an engineer understands, the more beneficial it is. In the future, global problems and issues will require an in-depth understanding of chemistry to have a global solution.This book aims at bridging the concepts and theory of chemistry with examples from fields of practical application, thus reinforcing the connection between science and engineering. It deals with the basic principles of various branches of chemistry, namely, physical chemistry, inorganic chemistry, organic chemistry, analytical chemistry, surface chemistry, biochemistry, geochemistry, fuel chemistry, polymer chemistry, cement chemistry, materials chemistry, and asphalt chemistry. Written primarily for use as a textbook for a university-level course, the topics covered here provide the fundamental tools necessary for an accomplished engineer./a},
	language = {en},
	publisher = {World Scientific},
	author = {Yen, Teh Fu},
	month = jan,
	year = {2008},
	note = {Google-Books-ID: FM42DwAAQBAJ},
	keywords = {Science / Chemistry / Organic},
}
