@book{tufte1983visual,
  title={The visual display of quantitative information},
  author={Tufte, Edward R and Graves-Morris, PR},
  volume={2},
  number={9},
  year={1983},
  publisher={Graphics press Cheshire, CT}
}
